<collection>
<record>
<leader>05341cpcaa22008777a 4500</leader>
<controlfield tag="001">13660485</controlfield>
<controlfield tag="005">20200707123626.0</controlfield>
<controlfield tag="008">040720i19911991dcu eng </controlfield>
<datafield ind1=" " ind2=" " tag="906">
<subfield code="a">7</subfield>
<subfield code="b">cbc</subfield>
<subfield code="c">orignew</subfield>
<subfield code="d">u</subfield>
<subfield code="e">ncip</subfield>
<subfield code="f">20</subfield>
<subfield code="g">y-folklife</subfield>
</datafield>
<datafield ind1=" " ind2=" " tag="955">
<subfield code="a">
mkru 2004-07-20; mkru 2004-08-19; mkru 2004-11-26; mkru 2005-07-13; mkru 2010-08-25; mkru 2012-05-04;
</subfield>
<subfield code="a">mseg 2013-01-07; cker 2014-12-23</subfield>
<subfield code="a">mkru 2015-12-10</subfield>
<subfield code="a">mkru 2016-11-30</subfield>
<subfield code="a">masmit 2020-06-22</subfield>
<subfield code="a">masmit 2020-07-02</subfield>
<subfield code="a">masmit 2020-07-07</subfield>
</datafield>
<datafield ind1=" " ind2=" " tag="010">
<subfield code="a"> 2004695187</subfield>
</datafield>
<datafield ind1=" " ind2=" " tag="040">
<subfield code="a">DLC</subfield>
<subfield code="c">DLC</subfield>
<subfield code="e">appm</subfield>
<subfield code="d">DLC</subfield>
<subfield code="d">DLC</subfield>
</datafield>
<datafield ind1="0" ind2=" " tag="041">
<subfield code="a">eng</subfield>
<subfield code="d">eng</subfield>
<subfield code="d">fre</subfield>
</datafield>
<datafield ind1=" " ind2=" " tag="043">
<subfield code="a">n-us-me</subfield>
<subfield code="a">n-cn-nk</subfield>
</datafield>
<datafield ind1=" " ind2=" " tag="090">
<subfield code="a">RXH 2901-2907; RYN 4353-4384; VAP 3376-3380</subfield>
</datafield>
<datafield ind1=" " ind2=" " tag="090">
<subfield code="a">AFC 1991/029</subfield>
</datafield>
<datafield ind1="0" ind2="0" tag="245">
<subfield code="a">Maine Acadian cultural survey collection,</subfield>
<subfield code="f">1991 /</subfield>
<subfield code="c">
collected by the American Folklife Center in cooperation with the National Park Service.
</subfield>
</datafield>
<datafield ind1="3" ind2=" " tag="246">
<subfield code="a">Maine Acadian cultural survey project</subfield>
</datafield>
<datafield ind1="3" ind2=" " tag="246">
<subfield code="a">Acadian cultural survey</subfield>
</datafield>
<datafield ind1=" " ind2=" " tag="300">
<subfield code="a">8,016</subfield>
<subfield code="f">items.</subfield>
</datafield>
<datafield ind1=" " ind2=" " tag="300">
<subfield code="3">manuscripts</subfield>
<subfield code="a">8</subfield>
<subfield code="f">containers ;</subfield>
<subfield code="a">2,800</subfield>
<subfield code="f">pages.</subfield>
</datafield>
<datafield ind1=" " ind2=" " tag="300">
<subfield code="3">sound recordings</subfield>
<subfield code="a">32 sound cassettes :</subfield>
<subfield code="b">analog.</subfield>
</datafield>
<datafield ind1=" " ind2=" " tag="300">
<subfield code="3">sound recordings</subfield>
<subfield code="a">7 sound tape reels :</subfield>
<subfield code="b">analog, 7 1/2 ips ;</subfield>
<subfield code="c">7 in.</subfield>
</datafield>
<datafield ind1=" " ind2=" " tag="300">
<subfield code="3">graphic materials</subfield>
<subfield code="a">circa 5,080 photographs :</subfield>
<subfield code="b">color, black and white.</subfield>
</datafield>
<datafield ind1=" " ind2=" " tag="300">
<subfield code="3">graphic materials</subfield>
<subfield code="a">circa 50 drawings.</subfield>
</datafield>
<datafield ind1=" " ind2=" " tag="300">
<subfield code="3">moving images</subfield>
<subfield code="a">5 videocassettes of 5 (VHS).</subfield>
</datafield>
<datafield ind1=" " ind2=" " tag="300">
<subfield code="3">electronic media</subfield>
<subfield code="a">42 disks.</subfield>
</datafield>
<datafield ind1=" " ind2=" " tag="351">
<subfield code="a">
Organized by format into the following series: 1. Manuscript materials; 2. Sound recordings; 3. Graphic materials; 4. Moving images.
</subfield>
</datafield>
<datafield ind1=" " ind2=" " tag="500">
<subfield code="a">
Photographs by Julie Bayley, Ray Brassieur, Howard Marshall, Lisa Ornstein, David A. Taylor, and David A. Whitman.
</subfield>
</datafield>
<datafield ind1=" " ind2=" " tag="520">
<subfield code="a">
Collection consists of sound and video recordings, photographs, manuscript materials, printed materials, correspondence, field notes, and administrative files documenting folklife--including architecture, music, dance, storytelling, material culture, and occupational culture--in the Upper Saint John River Valley on the Maine and New Brunswick border.
</subfield>
</datafield>
<datafield ind1="8" ind2=" " tag="524">
<subfield code="a">
Maine Acadian Cultural Survey collection (AFC 1991/029), Archive of Folk Culture, American Folklife Center, Library of Congress, Washington, D.C.
</subfield>
</datafield>
<datafield ind1=" " ind2=" " tag="530">
<subfield code="a">
Copies of the collection are also available in the Acadian Archives / Archives acadiennes at the University of Maine at Fort Kent.
</subfield>
</datafield>
<datafield ind1="1" ind2=" " tag="506">
<subfield code="a">
Access restrictions apply; some or all content may be stored offsite. To request materials, please contact the Folklife Reading Room at
</subfield>
<subfield code="u">http://hdl.loc.gov/loc.afc/folklife.contact</subfield>
</datafield>
<datafield ind1=" " ind2=" " tag="540">
<subfield code="a">
Duplication of the collection materials may be governed by copyright and other restrictions.
</subfield>
</datafield>
<datafield ind1=" " ind2=" " tag="545">
<subfield code="a">
The Maine Acadian Cultural Survey Project was an eight-week study conducted in 1991 as a joint project of the American Folklife Center and the North Atlantic Regional Office of the National Park Service to research information to be used in planning an Acadian Cultural Center in Maine.
</subfield>
</datafield>
<datafield ind1=" " ind2=" " tag="546">
<subfield code="a">In English and French.</subfield>
</datafield>
<datafield ind1="0" ind2=" " tag="555">
<subfield code="a">
Finding aid available in the Folklife Reading Room and online
</subfield>
<subfield code="u">http://hdl.loc.gov/loc.afc/eadafc.af012001</subfield>
</datafield>
<datafield ind1=" " ind2="0" tag="650">
<subfield code="a">Acadians</subfield>
<subfield code="z">Maine</subfield>
<subfield code="x">Folklore.</subfield>
</datafield>
<datafield ind1=" " ind2="0" tag="650">
<subfield code="a">Acadians</subfield>
<subfield code="z">Maine</subfield>
<subfield code="x">Social life and customs.</subfield>
</datafield>
<datafield ind1=" " ind2="0" tag="650">
<subfield code="a">Acadians</subfield>
<subfield code="z">New Brunswick</subfield>
<subfield code="x">Folklore.</subfield>
</datafield>
<datafield ind1=" " ind2="0" tag="650">
<subfield code="a">Acadians</subfield>
<subfield code="z">New Brunswick</subfield>
<subfield code="x">Social life and customs.</subfield>
</datafield>
<datafield ind1=" " ind2="0" tag="650">
<subfield code="a">Franco-Americans</subfield>
<subfield code="z">Maine</subfield>
<subfield code="x">Folklore.</subfield>
</datafield>
<datafield ind1=" " ind2="0" tag="650">
<subfield code="a">Franco-Americans</subfield>
<subfield code="z">Maine</subfield>
<subfield code="x">Social life and customs.</subfield>
</datafield>
<datafield ind1=" " ind2="0" tag="650">
<subfield code="a">French-Canadians</subfield>
<subfield code="z">New Brunswick</subfield>
<subfield code="x">Folklore.</subfield>
</datafield>
<datafield ind1=" " ind2="0" tag="650">
<subfield code="a">French-Canadians</subfield>
<subfield code="z">New Brunswick</subfield>
<subfield code="x">Social life and customs.</subfield>
</datafield>
<datafield ind1=" " ind2="0" tag="650">
<subfield code="a">Catholics</subfield>
<subfield code="z">Maine</subfield>
<subfield code="x">Social life and customs.</subfield>
</datafield>
<datafield ind1=" " ind2="0" tag="650">
<subfield code="a">Vernacular architecture</subfield>
<subfield code="z">Maine.</subfield>
</datafield>
<datafield ind1=" " ind2="0" tag="650">
<subfield code="a">Folk music</subfield>
<subfield code="z">Maine.</subfield>
</datafield>
<datafield ind1=" " ind2="0" tag="651">
<subfield code="a">Acadia National Park (Me.)</subfield>
</datafield>
<datafield ind1=" " ind2="0" tag="651">
<subfield code="a">Saint John River Valley (Me. and N.B.)</subfield>
<subfield code="x">Social life and customs.</subfield>
</datafield>
<datafield ind1=" " ind2="7" tag="655">
<subfield code="a">Interviews.</subfield>
<subfield code="2">lcgft</subfield>
</datafield>
<datafield ind1=" " ind2="7" tag="655">
<subfield code="a">Oral histories.</subfield>
<subfield code="2">lcgft</subfield>
</datafield>
<datafield ind1=" " ind2="7" tag="655">
<subfield code="a">Field recordings.</subfield>
<subfield code="2">lcgft</subfield>
</datafield>
<datafield ind1=" " ind2="7" tag="655">
<subfield code="a">Manuscripts.</subfield>
<subfield code="2">lctgm</subfield>
</datafield>
<datafield ind1=" " ind2="7" tag="655">
<subfield code="a">Ethnography.</subfield>
<subfield code="2">afset</subfield>
</datafield>
<datafield ind1=" " ind2="7" tag="655">
<subfield code="a">Field notes.</subfield>
<subfield code="2">lcgft</subfield>
</datafield>
<datafield ind1=" " ind2="7" tag="655">
<subfield code="a">Sound recordings.</subfield>
<subfield code="2">lcgft</subfield>
</datafield>
<datafield ind1=" " ind2="7" tag="655">
<subfield code="a">Photographs.</subfield>
<subfield code="2">lcgft</subfield>
</datafield>
<datafield ind1=" " ind2="7" tag="655">
<subfield code="a">Video recordings.</subfield>
<subfield code="2">lcgft</subfield>
</datafield>
<datafield ind1=" " ind2="7" tag="655">
<subfield code="a">Drawings.</subfield>
<subfield code="2">lcgft</subfield>
</datafield>
<datafield ind1=" " ind2="7" tag="655">
<subfield code="a">Recipes.</subfield>
<subfield code="2">lcgft</subfield>
</datafield>
<datafield ind1="1" ind2=" " tag="700">
<subfield code="a">Bayley, Julie,</subfield>
<subfield code="e">photographer.</subfield>
</datafield>
<datafield ind1="1" ind2=" " tag="700">
<subfield code="a">Brassieur, C. Ray,</subfield>
<subfield code="e">interviewer,</subfield>
<subfield code="e">photographer.</subfield>
</datafield>
<datafield ind1="1" ind2=" " tag="700">
<subfield code="a">Marshall, Howard W.,</subfield>
<subfield code="e">interviewer,</subfield>
<subfield code="e">photographer.</subfield>
</datafield>
<datafield ind1="1" ind2=" " tag="700">
<subfield code="a">Ornstein, Lisa,</subfield>
<subfield code="e">interviewer,</subfield>
<subfield code="e">photographer.</subfield>
</datafield>
<datafield ind1="1" ind2=" " tag="700">
<subfield code="a">Taylor, David Alan,</subfield>
<subfield code="d">1951-</subfield>
<subfield code="e">interviewer,</subfield>
<subfield code="e">photographer.</subfield>
</datafield>
<datafield ind1="1" ind2=" " tag="700">
<subfield code="a">Whitman, David A.,</subfield>
<subfield code="d">1950-</subfield>
<subfield code="e">interviewer,</subfield>
<subfield code="e">photographer.</subfield>
</datafield>
<datafield ind1="1" ind2=" " tag="710">
<subfield code="a">United States.</subfield>
<subfield code="b">National Park Service.</subfield>
<subfield code="b">North Atlantic Regional Office,</subfield>
<subfield code="e">sponsor.</subfield>
</datafield>
<datafield ind1="2" ind2=" " tag="710">
<subfield code="a">Archive of Folk Culture (Library of Congress)</subfield>
<subfield code="e">collector.</subfield>
</datafield>
<datafield ind1="2" ind2=" " tag="710">
<subfield code="a">American Folklife Center,</subfield>
<subfield code="e">sponsor.</subfield>
</datafield>
<datafield ind1="0" ind2="2" tag="740">
<subfield code="a">Maine Acadian cultural survey.</subfield>
</datafield>
<datafield ind1=" " ind2=" " tag="852">
<subfield code="a">Library of Congress</subfield>
<subfield code="b">Archive of Folk Culture, American Folklife Center,</subfield>
<subfield code="e">
101 Independence Ave. S.E., Washington, DC USA 20540-4610
</subfield>
</datafield>
<datafield ind1="4" ind2="1" tag="856">
<subfield code="3">
Part of the Maine Acadian Cultural Survey Collection is available on the Library of Congress Web site at
</subfield>
<subfield code="u">https://hdl.loc.gov/loc.afc/afconline.afc1991029</subfield>
</datafield>
<datafield ind1="4" ind2="2" tag="856">
<subfield code="3">Finding aid</subfield>
<subfield code="u">http://hdl.loc.gov/loc.afc/eadafc.af012001</subfield>
</datafield>
<datafield ind1=" " ind2=" " tag="985">
<subfield code="a">afc/ead</subfield>
</datafield>
<datafield ind1=" " ind2=" " tag="985">
<subfield code="a">afc/coll</subfield>
</datafield>
</record>
</collection>